@article{ghose2011estimating,
  title={Estimating the helpfulness and economic impact of product reviews: Mining text and reviewer characteristics},
  author={Ghose, Anindya and Ipeirotis, Panagiotis G},
  journal={IEEE Transactions on Knowledge and Data Engineering},
  volume={23},
  number={10},
  pages={1498--1512},
  year={2011},
  publisher={IEEE}
}

@article{buschken2016sentence,
  title={Sentence-based text analysis for customer reviews},
  author={B{\"u}schken, Joachim and Allenby, Greg M},
  journal={Marketing Science},
  volume={35},
  number={6},
  pages={953--975},
  year={2016},
  publisher={INFORMS}
}

@incollection{moe2017social,
  title={Social Media Analytics},
  author={Moe, Wendy W and Netzer, Oded and Schweidel, David A},
  booktitle={Handbook of Marketing Decision Models},
  pages={483--504},
  year={2017},
  publisher={Springer}
}

@techreport{kupor2017spontaneous,
  title={Spontaneous Influence: Persuasion through Perceived Authenticity},
  author={Daniella M. Kupor And Colleen E. Giblin And Carey K. Morewedge},
  year={2017}
}

@article{pallais2014inefficient,
  title={Inefficient hiring in entry-level labor markets},
  author={Pallais, Amanda},
  journal={The American Economic Review},
  volume={104},
  number={11},
  pages={3565--3599},
  year={2014},
  publisher={American Economic Association}
}

@article{ba2002evidence,
  title={Evidence of the effect of trust building technology in electronic markets: Price premiums and buyer behavior},
  author={Ba, Sulin and Pavlou, Paul A},
  journal={MIS quarterly},
  pages={243--268},
  year={2002},
  publisher={JSTOR}
}

@article{houser2006reputation,
  title={Reputation in auctions: Theory, and evidence from eBay},
  author={Houser, Daniel and Wooders, John},
  journal={Journal of Economics \& Management Strategy},
  volume={15},
  number={2},
  pages={353--369},
  year={2006},
  publisher={Wiley Online Library}
}

@article{kalyanam2001return,
  title={Return on reputation in online auction markets},
  author={Kalyanam, Kirthi and McIntyre, Shelby H},
  year={2001}
}

@article{mcdonald2002reputation,
  title={Reputation in an internet auction market},
  author={McDonald, Cynthia G and Slawson, V Carlos},
  journal={Economic Inquiry},
  volume={40},
  number={4},
  pages={633--650},
  year={2002},
  publisher={Wiley Online Library}
}

@article{cabral2010dynamics,
  title={The dynamics of seller reputation: Evidence from eBay},
  author={Cabral, Luis and Hortacsu, Ali},
  journal={The Journal of Industrial Economics},
  volume={58},
  number={1},
  pages={54--78},
  year={2010},
  publisher={Wiley Online Library}
}

@article{luca2015user,
  title={User-generated content and social media},
  author={Luca, Michael},
  year={2015}
}

@article{floyd2014online,
  title={How online product reviews affect retail sales: A meta-analysis},
  author={Floyd, Kristopher and Freling, Ryan and Alhoqail, Saad and Cho, Hyun Young and Freling, Traci},
  journal={Journal of Retailing},
  volume={90},
  number={2},
  pages={217--232},
  year={2014},
  publisher={Elsevier}
}

@article{dewally2006reputation,
  title={Reputation, certification, warranties, and information as remedies for seller-buyer information asymmetries: Lessons from the online comic book market},
  author={Dewally, Michael and Ederington, Louis},
  journal={The Journal of Business},
  volume={79},
  number={2},
  pages={693--729},
  year={2006},
  publisher={JSTOR}
}

@article{jin2006price,
  title={Price, quality, and reputation: Evidence from an online field experiment},
  author={Jin, Ginger Zhe and Kato, Andrew},
  journal={The RAND Journal of Economics},
  volume={37},
  number={4},
  pages={983--1005},
  year={2006},
  publisher={Wiley Online Library}
}

@article{lucking2007pennies,
  title={Pennies from eBay: The determinants of price in online auctions},
  author={Lucking-Reiley, David and Bryan, Doug and Prasad, Naghi and Reeves, Daniel},
  journal={The journal of industrial economics},
  volume={55},
  number={2},
  pages={223--233},
  year={2007},
  publisher={Wiley Online Library}
}

@misc{eaton2002value,
  title={Value Information: Evidence from Guitar Auctions on eBay},
  author={Eaton, DH},
  year={2002}
}

@article{bajari2003winner,
  title={The winner's curse, reserve prices, and endogenous entry: Empirical insights from eBay auctions},
  author={Bajari, Patrick and Hortacsu, Ali},
  journal={RAND Journal of Economics},
  pages={329--355},
  year={2003},
  publisher={JSTOR}
}

@article{luca2016reviews,
  title={Reviews, reputation, and revenue: The case of Yelp. com},
  author={Luca, Michael},
  year={2016}
}

@article{ghose2012designing,
  title={Designing ranking systems for hotels on travel search engines by mining user-generated and crowdsourced content},
  author={Ghose, Anindya and Ipeirotis, Panagiotis G and Li, Beibei},
  journal={Marketing Science},
  volume={31},
  number={3},
  pages={493--520},
  year={2012},
  publisher={INFORMS}
}

@article{resnick2006value,
  title={The value of reputation on eBay: A controlled experiment},
  author={Resnick, Paul and Zeckhauser, Richard and Swanson, John and Lockwood, Kate},
  journal={Experimental economics},
  volume={9},
  number={2},
  pages={79--101},
  year={2006},
  publisher={Springer}
}

@article{packard2017language,
  title={How language shapes word of mouthâ€™s impact},
  author={Packard, Grant and Berger, Jonah},
  journal={Journal of Marketing Research},
  volume={54},
  number={4},
  pages={572--588},
  year={2017},
  publisher={American Marketing Association}
}

@article{luca2013digitizing,
  title={Digitizing Doctor Demand: The Impact of Online Reviews on Doctor Choice},
  author={Luca, Michael and Vats, Sonal},
  journal={Cambridge, MA: Harvard Business School},
  year={2013}
}

@article{anderson2012learning,
  title={Learning from the crowd: Regression discontinuity estimates of the effects of an online review database},
  author={Anderson, Michael and Magruder, Jeremy},
  journal={The Economic Journal},
  volume={122},
  number={563},
  pages={957--989},
  year={2012},
  publisher={Wiley Online Library}
}

@article{dellarocas2003digitization,
  title={The digitization of word of mouth: Promise and challenges of online feedback mechanisms},
  author={Dellarocas, Chrysanthos},
  journal={Management science},
  volume={49},
  number={10},
  pages={1407--1424},
  year={2003},
  publisher={INFORMS}
}

@article{lewis2016welfare,
  title={The Welfare Impact of Consumer Reviews: A Case Study of the Hotel Industry},
  author={Lewis, Gregory and Zervas, Georgios},
  year={2016}
}

@article{sun2012variance,
	author = {Monic Sun},
	title = {How Does the Variance of Product Ratings Matter?},
	journal = {Management Science},
	volume = {58},
	number = {4},
	pages = {696-707},
	year = {2012},
	doi = {10.1287/mnsc.1110.1458},
	URL = {https://doi.org/10.1287/mnsc.1110.1458},
	eprint = {https://doi.org/10.1287/mnsc.1110.1458}
}

@article{archak2011deriving,
  title={Deriving the pricing power of product features by mining consumer reviews},
  author={Archak, Nikolay and Ghose, Anindya and Ipeirotis, Panagiotis G},
  journal={Management science},
  volume={57},
  number={8},
  pages={1485--1509},
  year={2011},
  publisher={INFORMS}
}

@article{luca2016fake,
  title={Fake it till you make it: Reputation, competition, and Yelp review fraud},
  author={Luca, Michael and Zervas, Georgios},
  journal={Management Science},
  volume={62},
  number={12},
  pages={3412--3427},
  year={2016},
  publisher={INFORMS}
}

@article{mayzlin2014promotional,
  title={Promotional reviews: An empirical investigation of online review manipulation},
  author={Mayzlin, Dina and Dover, Yaniv and Chevalier, Judith},
  journal={The American Economic Review},
  volume={104},
  number={8},
  pages={2421--2455},
  year={2014},
  publisher={American Economic Association}
}

@article{chevalier2006effect,
  title={The effect of word of mouth on sales: Online book reviews},
  author={Chevalier, Judith and Mayzlin, Dina},
  journal={Journal of marketing research},
  volume={43},
  number={3},
  pages={345--354},
  year={2006},
  publisher={American Marketing Association}
}

@article{babic2016effect,
  title={The effect of electronic word of mouth on sales: A meta-analytic review of platform, product, and metric factors},
  author={Babi{\'c}, Rosario Ana and Sotgiu, Francesca and De Valck, Kristine and Bijmolt, Tammo HA},
  journal={Journal of Marketing Research},
  volume={53},
  number={3},
  pages={297--318},
  year={2016},
  publisher={American Marketing Association}
}

@article{blei2003latent,
  title={Latent dirichlet allocation},
  author={Blei, David M and Ng, Andrew Y and Jordan, Michael I},
  journal={Journal of machine Learning research},
  volume={3},
  number={Jan},
  pages={993--1022},
  year={2003}
}

@article{grewal2016mobile,
  title={In Mobile We Trust: How Mobile Reviews Can Overcome Consumer Distrust of User-Generated Reviews},
  author={Grewal, Lauren and Stephen, Andrew T},
  year={2016}
}

@article{berger2014word,
  title={Word of mouth and interpersonal communication: A review and directions for future research},
  author={Berger, Jonah},
  journal={Journal of Consumer Psychology},
  volume={24},
  number={4},
  pages={586--607},
  year={2014},
  publisher={Elsevier}
}